<record><leader>00000cas a22000007a 4500</leader><controlfield tag="001">18343350</controlfield><controlfield tag="008">880811d19uu19uuarudn ne      0    0eng d</controlfield><datafield ind1=" " ind2=" " tag="010"><subfield code="a">sn 88051046 </subfield></datafield><datafield ind1=" " ind2=" " tag="040"><subfield code="a">ANU</subfield><subfield code="b">eng</subfield><subfield code="c">ANU</subfield><subfield code="d">OCLCQ</subfield></datafield><datafield ind1=" " ind2=" " tag="042"><subfield code="a">msc</subfield></datafield><datafield ind1="0" ind2=" " tag="130"><subfield code="a">Daily Democrat (Bentonville, Ark.)</subfield></datafield><datafield ind1="1" ind2="4" tag="245"><subfield code="a">The Daily Democrat.</subfield></datafield><datafield ind1="1" ind2="3" tag="246"><subfield code="a">Bentonville daily Democrat</subfield></datafield><datafield ind1="1" ind2="7" tag="246"><subfield code="a">Benton County Democrat</subfield></datafield><datafield ind1=" " ind2=" " tag="260"><subfield code="a">Bentonville, Ark. :</subfield><subfield code="b">[Frank P. Harris]</subfield></datafield><datafield ind1=" " ind2=" " tag="300"><subfield code="a">v.</subfield></datafield><datafield ind1=" " ind2=" " tag="310"><subfield code="a">Daily (except Sunday),</subfield><subfield code="b">&lt;May 3, 1921-&gt;</subfield></datafield><datafield ind1=" " ind2=" " tag="580"><subfield code="a">Issued also in weekly ed.: Benton County Democrat (Bentonville, Ark. : 1886). Formed when the weekly ed. absorbed: Bentonville daily.</subfield></datafield><datafield ind1=" " ind2=" " tag="588"><subfield code="a">Description based on: Vol. 36, no. 78 (May 2, 1921).</subfield></datafield><datafield ind1=" " ind2=" " tag="752"><subfield code="a">United States</subfield><subfield code="b">Arkansas</subfield><subfield code="c">Benton</subfield><subfield code="d">Bentonville.</subfield></datafield><datafield ind1="1" ind2=" " tag="775"><subfield code="a">Benton County Democrat (Bentonville, Ark. : 1886)</subfield><subfield code="w">(DLC)sn 86090883</subfield></datafield><datafield ind1="1" ind2=" " tag="787"><subfield code="t">Bentonville daily</subfield></datafield></record>